<?xml version="1.0"?>
<marc:records xmlns:marc="http://www.loc.gov/MARC21/slim" xmlns:xsi="http://www.w3.org/2001/XMLSchema-instance" xsi:schemaLocation="http://www.loc.gov/MARC21/slim http://www.loc.gov/standards/marcxml/schema/MARC21slim.xsd">
  <marc:record>
    <marc:leader>03408cam a2200589Ia 4500</marc:leader>
    <marc:controlfield tag="001">9924371923503681</marc:controlfield>
    <marc:controlfield tag="005">20200220082535.0</marc:controlfield>
    <marc:controlfield tag="008">191218q17501899xx            000 0 ara d</marc:controlfield>
    <marc:datafield ind1=" " ind2=" " tag="035">
  <marc:subfield code="a">(OCoLC)1131862518</marc:subfield>
</marc:datafield>
    <marc:datafield ind1=" " ind2=" " tag="035">
  <marc:subfield code="a">(OCoLC)on1131862518</marc:subfield>
</marc:datafield>
    <marc:datafield ind1=" " ind2=" " tag="035">
  <marc:subfield code="a">(PU)2437192-penndb-Voyager</marc:subfield>
</marc:datafield>
    <marc:datafield ind1=" " ind2=" " tag="040">
  <marc:subfield code="a">PAU</marc:subfield>
  <marc:subfield code="b">eng</marc:subfield>
  <marc:subfield code="c">PAU</marc:subfield>
  <marc:subfield code="e">amremm</marc:subfield>
  <marc:subfield code="d">PAU</marc:subfield>
</marc:datafield>
    <marc:datafield ind1=" " ind2="9" tag="099">
  <marc:subfield code="a">CAJS Rar Ms 122</marc:subfield>
</marc:datafield>
    <marc:datafield ind1="0" ind2=" " tag="130">
  <marc:subfield code="6">880-01</marc:subfield>
  <marc:subfield code="a">Qur&#x2BC;an.</marc:subfield>
</marc:datafield>
    <marc:datafield ind1="1" ind2="4" tag="245">
  <marc:subfield code="6">880-02</marc:subfield>
  <marc:subfield code="a">[al-Qur&#x2BC;a&#x304;n].</marc:subfield>
</marc:datafield>
    <marc:datafield ind1=" " ind2=" " tag="260">
  <marc:subfield code="c">[between 1750 and 1899?]</marc:subfield>
</marc:datafield>
    <marc:datafield ind1=" " ind2=" " tag="300">
  <marc:subfield code="a">477 leaves :</marc:subfield>
  <marc:subfield code="b">paper ;</marc:subfield>
  <marc:subfield code="c">222 x 160 (160 x 90) mm bound to 220 x 170 mm.</marc:subfield>
</marc:datafield>
    <marc:datafield ind1=" " ind2=" " tag="500">
  <marc:subfield code="a">Title supplied by cataloger.</marc:subfield>
</marc:datafield>
    <marc:datafield ind1=" " ind2=" " tag="500">
  <marc:subfield code="a">Foliation: Modern foliation added in pencil, upper center recto (1a-252, 252[a]-476); catchwords every verso lower left.</marc:subfield>
</marc:datafield>
    <marc:datafield ind1=" " ind2=" " tag="500">
  <marc:subfield code="a">Layout: Written in 11 long lines.</marc:subfield>
</marc:datafield>
    <marc:datafield ind1=" " ind2=" " tag="500">
  <marc:subfield code="a">Script: Written in naskh in black ink; pointed and vocalized.</marc:subfield>
</marc:datafield>
    <marc:datafield ind1=" " ind2=" " tag="500">
  <marc:subfield code="a">Decoration: Textblock ruled in double red and blue with page-opening frame-ruled in single blue; rubrications in red; su&#x304;rah headings in red; marginal text division markers and ruku&#x304;&#x2BB; markers in red.</marc:subfield>
</marc:datafield>
    <marc:datafield ind1=" " ind2=" " tag="500">
  <marc:subfield code="a">Binding: Bound in brown leather over thick pasteboard with flap (Type II); embossed paper onlays of a central mandorla, two pendants on the vertical axis, cornerpieces, and triangles between each set of cornerpieces; blind-tooled frame; blue and white chevron pattern endbands.</marc:subfield>
</marc:datafield>
    <marc:datafield ind1=" " ind2=" " tag="500">
  <marc:subfield code="a">Origin: The item is undated and unsigned, possibly completed in the second half of the 18th or 19th century.</marc:subfield>
</marc:datafield>
    <marc:datafield ind1=" " ind2=" " tag="520">
  <marc:subfield code="a">Complete copy of the Qur&#x2BC;a&#x304;n, written in several different hands (f. [0]-8; f. 9-17; f. 18-30) on several different types of paper; many leaves repaired; the first 30 leaves are later replacements.</marc:subfield>
</marc:datafield>
    <marc:datafield ind1=" " ind2=" " tag="524">
  <marc:subfield code="a">CAJS Rar Ms 122</marc:subfield>
</marc:datafield>
    <marc:datafield ind1="1" ind2=" " tag="541">
  <marc:subfield code="a">Gift of Mayer Sulzberger to the library of the Dropsie College for Hebrew and Cognate Learning (note on library bookplate, inside front cover).</marc:subfield>
</marc:datafield>
    <marc:datafield ind1=" " ind2=" " tag="541">
  <marc:subfield code="a">&lt;&lt;N&gt;&gt;</marc:subfield>
  <marc:subfield code="e">Rare Ms. 122</marc:subfield>
</marc:datafield>
    <marc:datafield ind1=" " ind2=" " tag="546">
  <marc:subfield code="a">Arabic.</marc:subfield>
</marc:datafield>
    <marc:datafield ind1="1" ind2=" " tag="561">
  <marc:subfield code="a">Formerly owned by the Dropsie College for Hebrew and Cognate Learning (library bookplate inside front cover).</marc:subfield>
</marc:datafield>
    <marc:datafield ind1=" " ind2=" " tag="583">
  <marc:subfield code="a">&lt;&lt;N&gt;&gt;</marc:subfield>
  <marc:subfield code="a">584</marc:subfield>
  <marc:subfield code="c">0585</marc:subfield>
</marc:datafield>
    <marc:datafield ind1="0" ind2="0" tag="630">
  <marc:subfield code="a">Qur&#x2BC;an</marc:subfield>
  <marc:subfield code="x">Manuscripts.</marc:subfield>
</marc:datafield>
    <marc:datafield ind1=" " ind2="0" tag="655">
  <marc:subfield code="a">Manuscripts, Arabic.</marc:subfield>
</marc:datafield>
    <marc:datafield ind1=" " ind2="0" tag="655">
  <marc:subfield code="a">Manuscripts, 18th century.</marc:subfield>
</marc:datafield>
    <marc:datafield ind1=" " ind2="0" tag="655">
  <marc:subfield code="a">Manuscripts, 19th century.</marc:subfield>
</marc:datafield>
    <marc:datafield ind1=" " ind2="7" tag="655">
  <marc:subfield code="a">Codices (bound manuscripts)</marc:subfield>
  <marc:subfield code="2">aat</marc:subfield>
</marc:datafield>
    <marc:datafield ind1=" " ind2="7" tag="655">
  <marc:subfield code="a">Qur&#x2BC;ans.</marc:subfield>
  <marc:subfield code="2">aat</marc:subfield>
</marc:datafield>
    <marc:datafield ind1=" " ind2="7" tag="655">
  <marc:subfield code="a">Full covers.</marc:subfield>
  <marc:subfield code="2">lobt</marc:subfield>
</marc:datafield>
    <marc:datafield ind1=" " ind2="7" tag="655">
  <marc:subfield code="a">Onlays (decorative components)</marc:subfield>
  <marc:subfield code="2">lobt</marc:subfield>
</marc:datafield>
    <marc:datafield ind1=" " ind2="7" tag="655">
  <marc:subfield code="a">Envelope flaps (features)</marc:subfield>
  <marc:subfield code="2">lobt</marc:subfield>
</marc:datafield>
    <marc:datafield ind1=" " ind2="7" tag="655">
  <marc:subfield code="a">Islamic bindings (Binding)</marc:subfield>
  <marc:subfield code="2">rbbin</marc:subfield>
</marc:datafield>
    <marc:datafield ind1="1" ind2=" " tag="700">
  <marc:subfield code="a">Sulzberger, Mayer,</marc:subfield>
  <marc:subfield code="d">1843-1923,</marc:subfield>
  <marc:subfield code="e">former owner.</marc:subfield>
</marc:datafield>
    <marc:datafield ind1="2" ind2=" " tag="710">
  <marc:subfield code="a">Dropsie College for Hebrew and Cognate Learning,</marc:subfield>
  <marc:subfield code="e">former owner.</marc:subfield>
</marc:datafield>
    <marc:datafield ind1=" " ind2=" " tag="852">
  <marc:subfield code="b">Library at the Herbert D. Katz Center for Advanced Judaic Studies</marc:subfield>
  <marc:subfield code="a">University of Pennsylvania</marc:subfield>
  <marc:subfield code="e">420 Walnut Street, Philadelphia, Pennsylvania 19106-3703</marc:subfield>
  <marc:subfield code="j">CAJS Rar Ms 122</marc:subfield>
</marc:datafield>
    <marc:datafield ind1="4" ind2="1" tag="856">
  <marc:subfield code="z">Digital facsimile in OPenn</marc:subfield>
  <marc:subfield code="u">http://openn.library.upenn.edu/Data/0002/html/kcajs_rar_ms_122.html</marc:subfield>
</marc:datafield>
    <marc:datafield ind1="0" ind2=" " tag="880">
  <marc:subfield code="6">130-01//r</marc:subfield>
  <marc:subfield code="a">&#x642;&#x631;&#x622;&#x646;.</marc:subfield>
</marc:datafield>
    <marc:datafield ind1="1" ind2="3" tag="880">
  <marc:subfield code="6">245-02//r</marc:subfield>
  <marc:subfield code="a">[&#x627;&#x644;&#x642;&#x631;&#x622;&#x646;].</marc:subfield>
</marc:datafield>
    <marc:datafield ind1=" " ind2=" " tag="949">
  <marc:subfield code="a">CAJS Rar Ms 122</marc:subfield>
  <marc:subfield code="c">1</marc:subfield>
  <marc:subfield code="f">AR1</marc:subfield>
  <marc:subfield code="l">cjs</marc:subfield>
  <marc:subfield code="z">00770580138$</marc:subfield>
  <marc:subfield code="1">L001001000</marc:subfield>
  <marc:subfield code="3">941208</marc:subfield>
  <marc:subfield code="4">L99N</marc:subfield>
  <marc:subfield code="7">ARA</marc:subfield>
  <marc:subfield code="8">RLIN</marc:subfield>
  <marc:subfield code="9">1700</marc:subfield>
</marc:datafield>
    <marc:datafield ind1=" " ind2=" " tag="950">
  <marc:subfield code="l">PAAH</marc:subfield>
  <marc:subfield code="i">04/21/93 C</marc:subfield>
</marc:datafield>
    <marc:datafield ind1=" " ind2=" " tag="992">
  <marc:subfield code="a">tRLIN</marc:subfield>
</marc:datafield>
    <marc:datafield ind1=" " ind2=" " tag="996">
  <marc:subfield code="a">hinge-right</marc:subfield>
</marc:datafield>
    <marc:datafield ind1=" " ind2=" " tag="998">
  <marc:subfield code="a">04/21/93</marc:subfield>
  <marc:subfield code="t">d</marc:subfield>
  <marc:subfield code="s">9554</marc:subfield>
  <marc:subfield code="l">PAAH</marc:subfield>
  <marc:subfield code="n">PPAnR</marc:subfield>
  <marc:subfield code="d">04/21/93</marc:subfield>
</marc:datafield>
    <marc:holdings>
      <marc:holding>
        <marc:holding_id>22253829460003681</marc:holding_id>
        <marc:call_number>CAJS Rar Ms 122</marc:call_number>
        <marc:library>KatzLib</marc:library>
        <marc:location>cjsrarms</marc:location>
      </marc:holding>
    </marc:holdings>
  </marc:record>
</marc:records>
